@article{ESAPSS-05-0,
	author="European Space Agency: Board for Software Standardisation and Control",
	key="",
	journal= "ESA PSS-05-0", 
	title="{ESA software engineering standards}",
	year="1991",
	volume="", 
	pages="",
	url="http://wwwis.win.tue.nl/2R690/doc/PSS050.pdf"
}

@article{IEEE828-1998, 
	author="IEEE Software Engineering Standards Committee",
	key="",
	journal= "IEEE Std. 828-1998", 
	title="{IEEE Software Configuration Management Plans}", 
	year="1998",
	volume="", 
	pages=""
}

@book{PSMAN,
	author = "Pressman, Roger S.",
	title = "Ingeniería del software : un enfoque práctico",
	publisher = "McGraw-Hill",
	year = "2010",
	address = "México D.F.",
	isbn = "978-607-15-0314-5"
}
