@book{PSMAN,
	author = "Pressman, Roger S.",
	title = "Ingeniería del software : un enfoque práctico",
	publisher = "McGraw-Hill",
	year = "2010",
	address = "México D.F.",
	isbn = "978-607-15-0314-5"
}

@book{STROUSTRUP,
	author = "Stroustrup, Bjarne",
	title = "El lenguaje de programación C++",
	publisher = "Addison-Wesley Iberoamericana",
	year = "1993",
	address = "Wilmington",
	isbn = "0201601044"
}

@book{AP_TP,
	author = "Gómez Martín, Marco Antonio y Gómez Sanz, Jorge",
	title = "Tecnología de la programación. Apuntes de clase",
	publisher = "Departamento de Ingeniería del Software e Inteligencia Artificial (Universidad Complutense de Madrid)",
	year = "2013",
	address = "Madrid",
}
