@article{IEEE730-2002, 
	author="IEEE Software Engineering Standards Committee",
	key="",
	journal= "IEEE Std. 730-2002", 
	title="{IEEE Standard for Software Quality Assurance Plans}", 
	year="2002", 
	volume="", 
	pages=""
}

@article{IEEE1028-1997,
	author="IEEE Software Engineering Standards Committee",
	key="",	
	journal= "IEEE Std. 1028-1997", 
	title="{IEEE Standard for Standard for Software Reviews}", 
	year="1997", 
	volume="", 
	pages=""
}

@article{IEEE1058-1998,
	author="IEEE Software Engineering Standards Committee",
	key="",	
	journal= "IEEE Std. 1058-1998", 
	title="{IEEE Standard for Software Project Management Plans}", 
	year="1998", 
	volume="", 
	pages=""
}

@article{IEEE1012-1998,
	author="IEEE Software Engineering Standards Committee",
	key="",	
	journal= "IEEE Std. 1012-1998", 
	title="{IEEE Standard for Software Verification and Validation}",
	year="1998", 
	volume="", 
	pages=""
}

@book{PSMAN,
	author = "Pressman, Roger S.",
	title = "Ingeniería del software : un enfoque práctico",
	publisher = "McGraw-Hill",
	year = "2010",
	address = "México D.F.",
	isbn = "978-607-15-0314-5"
}
