@manual{SSIM,
	author = "International Air Transport Association",
	title = "Standard schedules information manual",
	year = "2012",
	key = "IATA, 2012",
	url = "http://www.iata.org/publications/Documents/ssim-march-2012-toc.pdf"

}

@book{NIC2006,
	author = "Yebra Cemboraín, Raúl Óscar y López Álvarez, Lorenzo",
	title = "Normas internacionales de informacion financiera, normas internacionales de contabilidad, 2006-2007 : desarrollo y comentarios",
	publisher = "Francis Lefebvre",
	year = "2006",
	address = "Madrid",
	isbn = "8496535193 9788496535190"
}

@misc{PGC2007,
	author = "Boletín Oficial del Estado",
	title = "Real Decreto 1514/2007, de 16 de noviembre, por el que se aprueba el Plan General de Contabilidad",
	address = "España",
	year = "2007",
	url = "http://www.boe.es/boe/dias/2007/11/20/pdfs/C00001-00152.pdf"
}

@misc{INE:CNED,
	author = "Instituto Nacional de Estadística (España)",
	title = "Clasificación Nacional de Educación 2010",
	year = {2010},
	url = "http://www.ine.es/jaxi/menu.do?type=pcaxis&path=%2Ft40%2Fcned%2F&file=inebase&L=0"
}

@article{IEEE:1074,
	author = "IEEE",
	title = "Standard 1074-2006 for Developing a Software Project Life Cycle Process",
	url = "http://standards.ieee.org/findstds/standard/"
}

@article{IEEE:830,
	author = "IEEE",
	title = "Standard 830-1998(R2009): {IEEE} Recommended Practice for Software Requirements Specifications",
	url = "http://standards.ieee.org/findstds/standard/"
}
